@article{herbert2017fastrack,
title={FaSTrack: a Modular Framework for Fast and Guaranteed Safe Motion Planning},
author={Herbert*, Sylvia L and Chen*, Mo and Han, SooJean and Bansal, Somil and Fisac, Jaime F and Tomlin, Claire J},
journal={IEEE Conference on Decision and Control},
year = {2017}
}

@article{royo2018classification,
  title={Classification-based Approximate Reachability with Guarantees Applied to Safe Trajectory Tracking},
  author={Royo, Vicenc Rubies and Fridovich-Keil, David and Herbert, Sylvia and Tomlin, Claire J},
  journal={IROS (submitted)},
  year={2018}
}

@article{fisac2018probabilistically,
  title={Probabilistically Safe Robot Planning with Confidence-Based Human Predictions},
  author={Fisac, Jaime F and Bajcsy, Andrea and Herbert, Sylvia L and Fridovich-Keil, David and Wang, Steven and Tomlin, Claire J and Dragan, Anca D},
  journal={Robotics: Science and Systems},
  year={2018}
}

@article{fridovich2018,
title={Planning, Fast and Slow: A Framework for Adaptive Real-Time Safe Trajectory Planning.},
author={Fridovich-Keil*, David and Herbert*, Sylvia L and Fisac*, Jaime F and Deglurkar, Sampada and Tomlin, Claire J},
journal={IEEE Conference on Robotics and Automation},
}


@article{Hoy2015,
	title={Algorithms for collision-free navigation of mobile robots in complex cluttered environments: a survey},
	author={Hoy, Michael and Matveev, Alexey S and Savkin, Andrey V},
	journal={Robotica},
	volume={33},
	number={03},
	pages={463--497},
	year={2015},
	publisher={Cambridge Univ Press}
}


Sampling Stuff
@inproceedings{Kuffner2000,
	title={RRT-connect: An efficient approach to single-query path planning},
	author={Kuffner, James J and LaValle, Steven M},
	booktitle={Robotics and Automation, 2000. Proceedings. ICRA'00. IEEE International Conference on},
	volume={2},
	pages={995--1001},
	year={2000},
	organization={IEEE}
}


@article{Kavraki1996,
	title={Probabilistic roadmaps for path planning in high-dimensional configuration spaces},
	author={Kavraki, Lydia E and Svestka, Petr and Latombe, J-C and Overmars, Mark H},
	journal={IEEE transactions on Robotics and Automation},
	volume={12},
	number={4},
	pages={566--580},
	year={1996},
	publisher={IEEE}
}

@article{Janson2015,
	title={Fast marching tree: A fast marching sampling-based method for optimal motion planning in many dimensions},
	author={Janson, Lucas and Schmerling, Edward and Clark, Ashley and Pavone, Marco},
	journal={The International journal of robotics research},
	volume={34},
	number={7},
	pages={883--921},
	year={2015},
	publisher={SAGE Publications Sage UK: London, England}
}

@incollection{Richter2016,
	title={Polynomial trajectory planning for aggressive quadrotor flight in dense indoor environments},
	author={Richter, Charles and Bry, Adam and Roy, Nicholas},
	booktitle={Robotics Research},
	pages={649--666},
	year={2016},
	publisher={Springer}
}

@inproceedings{Karaman2011,
	title={Anytime motion planning using the RRT},
	author={Karaman, Sertac and Walter, Matthew R and Perez, Alejandro and Frazzoli, Emilio and Teller, Seth},
	booktitle={Robotics and Automation (ICRA), 2011 IEEE International Conference on},
	pages={1478--1483},
	year={2011},
	organization={IEEE}
}

@article{Kobilarov2012,
	title={Cross-entropy motion planning},
	author={Kobilarov, Marin},
	journal={The International Journal of Robotics Research},
	volume={31},
	number={7},
	pages={855--871},
	year={2012},
	publisher={SAGE Publications Sage UK: London, England}
}

Kinematic Motion Planning
@inproceedings{Schulman2013,
	title={Finding Locally Optimal, Collision-Free Trajectories with Sequential Convex Optimization.},
	author={Schulman, John and Ho, Jonathan and Lee, Alex X and Awwal, Ibrahim and Bradlow, Henry and Abbeel, Pieter},
	booktitle={Robotics: science and systems},
	volume={9},
	number={1},
	pages={1--10},
	year={2013},
	organization={Citeseer}
}

@inproceedings{Ratliff2009,
	title={CHOMP: Gradient optimization techniques for efficient motion planning},
	author={Ratliff, Nathan and Zucker, Matt and Bagnell, J Andrew and Srinivasa, Siddhartha},
	booktitle={Robotics and Automation, 2009. ICRA'09. IEEE International Conference on},
	pages={489--494},
	year={2009},
	organization={IEEE}
}

MPC
@article{Qin2003,
	title={A survey of industrial model predictive control technology},
	author={Qin, S Joe and Badgwell, Thomas A},
	journal={Control engineering practice},
	volume={11},
	number={7},
	pages={733--764},
	year={2003},
	publisher={Elsevier}
}

@article{Alexis2016,
	title={Robust model predictive flight control of unmanned rotorcrafts},
	author={Alexis, Kostas and Papachristos, Christos and Siegwart, Roland and Tzes, Anthony},
	journal={Journal of Intelligent \& Robotic Systems},
	volume={81},
	number={3-4},
	pages={443--469},
	year={2016},
	publisher={Springer}
}

@inproceedings{Bellingham2002,
	title={Receding horizon control of autonomous aerial vehicles},
	author={Bellingham, John and Richards, Arthur and How, Jonathan P},
	booktitle={American Control Conference, 2002. Proceedings of the 2002},
	volume={5},
	pages={3741--3746},
	year={2002},
	organization={IEEE}
}

@inproceedings{Vitus2008,
	title={Tunnel-milp: Path planning with sequential convex polytopes},
	author={Vitus, Michael and Pradeep, Vijay and Hoffmann, Gabriel and Waslander, Steven and Tomlin, Claire},
	booktitle={AIAA guidance, navigation and control conference and exhibit},
	pages={7132},
	year={2008}
}

@article{Kuwata2007,
title={Distributed robust receding horizon control for multivehicle guidance},
author={Kuwata, Yoshiaki and Richards, Arthur and Schouwenaars, Tom and How, Jonathan P},
journal={IEEE Transactions on Control Systems Technology},
volume={15},
number={4},
pages={627--641},
year={2007},
publisher={IEEE}
}

@article{Richards2006,
	title={Robust variable horizon model predictive control for vehicle maneuvering},
	author={Richards, Arthur and How, Jonathan P},
	journal={International Journal of Robust and Nonlinear Control},
	volume={16},
	number={7},
	pages={333--351},
	year={2006},
	publisher={Wiley Online Library}
}

@article{DiCairano2016,
	title={Reference tracking with guaranteed error bound for constrained linear systems},
	author={Di Cairano, Stefano and Borrelli, Francesco},
	journal={IEEE Transactions on Automatic Control},
	volume={61},
	number={8},
	pages={2245--2250},
	year={2016},
	publisher={IEEE}
}

@article{Diehl2002,
	title={Real-time optimization and nonlinear model predictive control of processes governed by differential-algebraic equations},
	author={Diehl, Moritz and Bock, H Georg and Schl{\"o}der, Johannes P and Findeisen, Rolf and Nagy, Zoltan and Allg{\"o}wer, Frank},
	journal={Journal of Process Control},
	volume={12},
	number={4},
	pages={577--585},
	year={2002},
	publisher={Elsevier}
}


@inproceedings{Schildbach2016,
	title={A dynamic programming approach for nonholonomic vehicle maneuvering in tight environments},
	author={Schildbach, Georg and Borrelli, Francesco},
	booktitle={Intelligent Vehicles Symposium (IV), 2016 IEEE},
	pages={151--156},
	year={2016},
	organization={IEEE}
}

@incollection{Diehl2009,
	title={Efficient numerical methods for nonlinear MPC and moving horizon estimation},
	author={Diehl, Moritz and Ferreau, Hans Joachim and Haverbeke, Niels},
	booktitle={Nonlinear model predictive control},
	pages={391--417},
	year={2009},
	publisher={Springer}
}

@incollection{Grune2011,
	title={Nonlinear model predictive control},
	author={Gr{\"u}ne, Lars and Pannek, J{\"u}rgen},
	booktitle={Nonlinear Model Predictive Control},
	pages={43--66},
	year={2011},
	publisher={Springer}
}

@article{Quirynen2015,
	title={Autogenerating microsecond solvers for nonlinear MPC: a tutorial using ACADO integrators},
	author={Quirynen, Rien and Vukov, Milan and Zanon, Mario and Diehl, Moritz},
	journal={Optimal Control Applications and Methods},
	volume={36},
	number={5},
	pages={685--704},
	year={2015},
	publisher={Wiley Online Library}
}
 
@inproceedings{Gupta2015,
	title={Constrained spacecraft attitude control on SO (3) using fast nonlinear model predictive control},
	author={Gupta, Rohit and Kalabi{\'c}, Uro{\v{s}} V and Di Cairano, Stefano and Bloch, Anthony M and Kolmanovsky, Ilya V},
	booktitle={American Control Conference (ACC), 2015},
	pages={2980--2986},
	year={2015},
	organization={IEEE}
}

@inproceedings{Neunert2016,
	title={Fast nonlinear model predictive control for unified trajectory optimization and tracking},
	author={Neunert, Michael and de Crousaz, C{\'e}dric and Furrer, Fadri and Kamel, Mina and Farshidian, Farbod and Siegwart, Roland and Buchli, Jonas},
	booktitle={Robotics and Automation (ICRA), 2016 IEEE International Conference on},
	pages={1398--1404},
	year={2016},
	organization={IEEE}
}

@book{Lofberg2003,
	title={Minimax approaches to robust model predictive control},
	author={L{\"o}fberg, Johan},
	volume={812},
	year={2003},
	publisher={Link{\"o}ping University Electronic Press}
}

@article{Richter2012,
	title={Computational complexity certification for real-time MPC with input constraints based on the fast gradient method},
	author={Richter, Stefan and Jones, Colin Neil and Morari, Manfred},
	journal={IEEE Transactions on Automatic Control},
	volume={57},
	number={6},
	pages={1391--1403},
	year={2012},
	publisher={IEEE}
}

@article{Zeilinger2011,
	title={Real-time suboptimal model predictive control using a combination of explicit MPC and online optimization},
	author={Zeilinger, Melanie Nicole and Jones, Colin Neil and Morari, Manfred},
	journal={IEEE Transactions on Automatic Control},
	volume={56},
	number={7},
	pages={1524--1534},
	year={2011},
	publisher={IEEE}
}

@article{Kumar2014,
	title={Robust nonlinear MPC based on Volterra series and polynomial chaos expansions},
	author={Kumar, Divya and Budman, Hector},
	journal={Journal of Process Control},
	volume={24},
	number={1},
	pages={304--317},
	year={2014},
	publisher={Elsevier}
}

@article{Yan2014,
	title={Robust model predictive control of nonlinear systems with unmodeled dynamics and bounded uncertainties based on neural networks},
	author={Yan, Zheng and Wang, Jun},
	journal={IEEE transactions on neural networks and learning systems},
	volume={25},
	number={3},
	pages={457--469},
	year={2014},
	publisher={IEEE}
}

@article{Mayne2011,
	title={Tube-based robust nonlinear model predictive control},
	author={Mayne, David Q and Kerrigan, Erric C and Van Wyk, EJ and Falugi, P},
	journal={International Journal of Robust and Nonlinear Control},
	volume={21},
	number={11},
	pages={1341--1353},
	year={2011},
	publisher={Wiley Online Library}
}

@article{Cannon2011,
	title={Robust tubes in nonlinear model predictive control},
	author={Cannon, Mark and Buerger, Johannes and Kouvaritakis, Basil and Rakovic, Sa{\v{s}}a},
	journal={IEEE Transactions on Automatic Control},
	volume={56},
	number={8},
	pages={1942--1947},
	year={2011},
	publisher={IEEE}
}

@article{Gao2014,
	title={A tube-based robust nonlinear predictive control approach to semiautonomous ground vehicles},
	author={Gao, Yiqi and Gray, Andrew and Tseng, H Eric and Borrelli, Francesco},
	journal={Vehicle System Dynamics},
	volume={52},
	number={6},
	pages={802--823},
	year={2014},
	publisher={Taylor \& Francis}
}

@inproceedings{Torrisi2016,
	title={A variant to sequential quadratic programming for nonlinear model predictive control},
	author={Torrisi, Giampaolo and Grammatico, Sergio and Smith, Roy S and Morari, Manfred},
	booktitle={Decision and Control (CDC), 2016 IEEE 55th Conference on},
	pages={2814--2819},
	year={2016},
	organization={IEEE}
}
@book{Findeisen2007,
	title={Assessment and future directions of nonlinear model predictive control},
	author={Findeisen, Rolf and Allg{\"o}wer, Frank and Biegler, Lorenz T},
	volume={358},
	year={2007},
	publisher={Springer}
}

@article{Zhang2017,
	author = {Zhang, Xiaojing and Liniger, Alexander and Borrelli, Francesco},
	month = {Nov.},
	title = {{Optimization-Based Collision Avoidance}},
	url = {http://arxiv.org/abs/1711.03449},
	year = {2017}
}

@article{Houska2011a,
  author = {B. Houska and H.J. Ferreau and M. Diehl},
  title = {{ACADO} {T}oolkit -- {A}n {O}pen {S}ource {F}ramework for {A}utomatic {C}ontrol and {D}ynamic {O}ptimization},
  journal = {Optimal Control Applications and Methods},
  year = {2011},
  volume = {32},
  pages = {298--312},
  number = {3}
}

@article{Ferreau2014,
  author = {H. Ferreau and C. Kirches and A. Potschka and H. Bock and M. Diehl,},
  title = {qp{OASES}: A parametric active-set algorithm for quadratic programming},
  journal = {Mathematical Programming Computation},
  year = {2014},
  volume = {6},
  pages = {327–-363},
  number = {4}
}


% motion primitives

@inproceedings{Gillula2010,
	title={Design of guaranteed safe maneuvers using reachable sets: Autonomous quadrotor aerobatics in theory and practice},
	author={Gillula, Jeremy H and Huang, Haomiao and Vitus, Michael P and Tomlin, Claire J},
	booktitle={Robotics and Automation (ICRA), 2010 IEEE International Conference on},
	pages={1649--1654},
	year={2010},
	organization={IEEE}
}

@article{Majumdar2016,
	title={Funnel libraries for real-time robust feedback motion planning},
	author={Majumdar, Anirudha and Tedrake, Russ},
	journal={arXiv preprint arXiv:1601.04037},
	year={2016}
}

@inproceedings{Dey2016,
	title={Vision and learning for deliberative monocular cluttered flight},
	author={Dey, Debadeepta and Shankar, Kumar Shaurya and Zeng, Sam and Mehta, Rupesh and Agcayazi, M Talha and Eriksen, Christopher and Daftry, Shreyansh and Hebert, Martial and Bagnell, J Andrew},
	booktitle={Field and Service Robotics},
	pages={391--409},
	year={2016},
	organization={Springer}
}

@phdthesis{Barry2016,
	title={High-speed autonomous obstacle avoidance with pushbroom stereo},
	author={Barry, Andrew James},
	year={2016},
	school={Massachusetts Institute of Technology}
}

%generate a bunch of trajectories
@inproceedings{Kalakrishnan2011,
	title={STOMP: Stochastic trajectory optimization for motion planning},
	author={Kalakrishnan, Mrinal and Chitta, Sachin and Theodorou, Evangelos and Pastor, Peter and Schaal, Stefan},
	booktitle={Robotics and Automation (ICRA), 2011 IEEE International Conference on},
	pages={4569--4574},
	year={2011},
	organization={IEEE}
}

@inproceedings{Schwesinger2013,
	title={A sampling-based partial motion planning framework for system-compliant navigation along a reference path},
	author={Schwesinger, Ulrich and Rufli, Martin and Furgale, Paul and Siegwart, Roland},
	booktitle={Intelligent Vehicles Symposium (IV), 2013 IEEE},
	pages={391--396},
	year={2013},
	organization={IEEE}
}

@article{Krusi2015,
	title={Lighting-invariant Adaptive Route Following Using Iterative Closest Point Matching},
	author={Kr{\"u}si, Philipp and B{\"u}cheler, Bastian and Pomerleau, Fran{\c{c}}ois and Schwesinger, Ulrich and Siegwart, Roland and Furgale, Paul},
	journal={Journal of Field Robotics},
	volume={32},
	number={4},
	pages={534--564},
	year={2015},
	publisher={Wiley Online Library}
}

%CBF
@article{Xu2015,
	title={Robustness of Control Barrier Functions for Safety Critical Control** This work is partially supported by the National Science Foundation Grants 1239055, 1239037 and 1239085.},
	author={Xu, Xiangru and Tabuada, Paulo and Grizzle, Jessy W and Ames, Aaron D},
	journal={IFAC-PapersOnLine},
	volume={48},
	number={27},
	pages={54--61},
	year={2015},
	publisher={Elsevier}
}

@inproceedings{Ames2014,
	title={Control barrier function based quadratic programs with application to adaptive cruise control},
	author={Ames, Aaron D and Grizzle, Jessy W and Tabuada, Paulo},
	booktitle={Decision and Control (CDC), 2014 IEEE 53rd Annual Conference on},
	pages={6271--6278},
	year={2014},
	organization={IEEE}
}

%contraction theory
@article{Singh2017,
	title={Robust online motion planning via contraction theory and convex optimization},
	author={Singh, Sumeet and Majumdar, Anirudha and Slotine, Jean-Jacques and Pavone, Marco},
	journal={ICRA submission},
	year={2017}
}
% Theory

}
@book{Coddington84,
	author = {Coddington, E. A. and Levinson, N},
	title = {Theory of Ordinary Differential Equations },
	publisher = {Krieger Pub Co}, 
	year = {1984},
}

% decomp
@inproceedings{Chen2016DecouplingApprox,
	title={Fast reachable set approximations via state decoupling disturbances},
	author={Chen, Mo and Herbert, Sylvia and Tomlin, Claire J},
	booktitle={Decision and Control (CDC), 2016 IEEE 55th Conference on},
	pages={191--196},
	year={2016},
	organization={IEEE}
}

@article{Chen2016DecouplingJournal,
  author = {Chen, Mo and Herbert, Sylvia L. and Vashishtha, Mahesh and Bansal, Somil and Tomlin, Claire J.},
  doi = {10.1109/TAC.2018.2797194},
  journal = {IEEE Trans. Autom. Control},
  month = {Nov.},
  title = {{Decomposition of Reachable Sets and Tubes for a Class of Nonlinear Systems}},
  year = {2018}
}


@article{Chen2016DecouplingExact,
	title={Exact and efficient Hamilton-Jacobi-based guaranteed safety analysis via system decomposition},
	author={Chen, Mo and Herbert, Sylvia and Tomlin, Claire J},
	journal={arXiv preprint arXiv:1609.05248},
	year={2016}
}

@ARTICLE{Mitchell05,
title={A time-dependent {Hamilton-Jacobi} formulation of reachable sets for continuous dynamic games},
author={Mitchell, I.M. and Bayen, A.M. and Tomlin, C.J.},
journal={IEEE Transactions on Automatic Control},
year={July 2005},
volume={50},
number={7},
pages={947-957},
doi={10.1109/TAC.2005.851439}
}

@article{Varaiya67,
author = {Varaiya, Pravin},
journal = {SIAM Journal on Control},
number = {1},
pages = {153--162},
publisher = {SIAM},
title = {{On the existence of solutions to a differential game}},
volume = {5},
year = {1967}
}

@article{Evans84,
title = {Differential games and representation formulas for solutions of {Hamilton-Jacobi-Isaacs} equations},
author = {Evans, L. C. and Souganidis, P. E.},
journal = {Indiana Univ. Math. J.},
volume = {33},
number = {5},
pages = {773-797},
year = {1984}
}

@inproceedings{Chen15, 
author={Mo Chen and Claire J. Tomlin}, 
booktitle={54th IEEE Conference on Decision and Control}, 
title={Exact and Efficient Hamilton-Jacobi Reachability for Decoupled Systems}, 
year={2015}, 
month={December}, 
}

@article{Crandall83,
title = {Viscosity Solutions of {Hamilton-Jacobi} Equations},
author = {Crandall, Michael G. and Lions, Pierre-Louis},
journal = {Transactions of the American Mathematical Society},
volume = {277},
number = {1},
pages = {1-42},
year = {1983},
publisher = {American Mathematical Society}
}

@article{Barron90,
author = {Barron, EN},
journal = {Nonlinear analysis: Theory, methods \& applications},
pages = {971--989},
title = {{Differential Games with Maximum Cost}},
year = {1990}
}

@article{Mitchell03,
  year={2003},
  issn={0885-7474},
  journal={Journal of Scientific Computing},
  volume={19},
  number={1-3},
  doi={10.1023/A:1025364227563},
  title={Overapproximating Reachable Sets by Hamilton-Jacobi Projections},
  author={Ian M. Mitchell and Claire J. Tomlin},
  pages={323-346}
}

@article{Lasserre08,
  author = {Lasserre, Jean B. and Henrion, Didier and Prieur, Christophe and Tr{\'e}lat, Emmanuel},
  title = {Nonlinear Optimal Control via Occupation Measures and LMI-Relaxations},
  journal = {SIAM Journal Control and Optimization},
  volume = {47},
  number = {4},
  month = {June},
  year = {2008},
  issn = {0363-0129},
  pages = {1643--1666},
  doi = {10.1137/070685051},
  publisher = {Society for Industrial and Applied Mathematics},
} 

@article{McGrew08,
  author = {J. S. McGrew and J. P. How and L. Bush and B. Williams and N. Roy}, 
  journal = {AIAA Guidance, Navigation, and Control Conference},
  title = {Air Combat Strategy using Approximate Dynamic Programming},
  year = {2008},
  month = {Aug}
}

@article{Bokanowski10,
author = {Olivier Bokanowski and Nicolas Forcadel and Hasnaa Zidani},
journal = {SIAM Journal on Control and Optimization},
pages = {1--24},
title = {{Reachability and minimal times for state constrained nonlinear problems without any controllability assumption}},
year = {2010}
}

@article{Tomlin00,
  author={C. J. Tomlin and J. Lygeros and S. Shankar Sastry},
  journal={Proceedings of the IEEE}, 
  title={A game theoretic approach to controller design for hybrid systems},
  year={2000},
  month={July},
  volume={88},
  number={7},
  pages={949 -970}
}

@inproceedings{Mitchell11,
  author = {Ian M. Mitchell},
  title = {Scalable Calculation of Reach Sets and Tubes for Nonlinear Systems with Terminal Integrators: A Mixed Implicit Explicit Formulation},
  booktitle = {Proceedings of the 14th International Conference on Hybrid Systems: Computation and Control},
  year = {2011},
  isbn = {978-1-4503-0629-4},
  pages = {103--112},
} 


@inproceedings{Fisac15,
title = {Reach-Avoid Problems with Time-Varying Dynamics, Targets and Constraints},
author = {Jaime F. Fisac and Mo Chen and Claire J. Tomlin and S. Shankar Shankar},
booktitle = {18th International Conference on Hybrid Systems: Computation and Controls},
year = {2015}
}

% Motivation
@techreport{FAA13,
  author = {{Jointed Planning and Development Office (JPDO)}},
  title = {Unmanned Aircraft Systems {(UAS)} Comprehensive Plan -- A Report on the Nation's {UAS} Path Forward},
  institution = {Federal Aviation Administration},
  year = {2013}
}

@online{NASA16,
  author = {{National Aeronautics and Space Administration}},
  title = {Challenge is On to Design Sky for All},
  year = 2016,
  url = {http://www.nasa.gov/feature/challenge-is-on-to-design-sky-for-all},
  urldate = {2016-02-12}
}

@online{Amazon16,
  author = {{Amazon.com, Inc.}},
  title = {Amazon Prime Air},
  year = 2016,
  url = {http://www.amazon.com/b?node=8037720011},
  urldate = {2016-02-16}
}

@online{BBC16,
  author = {{BBC Technology}},
  title = {Google plans drone delivery service for 2017},
  year = 2016,
  url = {http://www.bbc.com/news/technology-34704868},
  urldate = {2016-02-16}
}

@online{AUVSI16,
  author = {{AUVSI News}},
  title = {UAS Aid in South Carolina Tornado Investigation},
  year = 2016,
  url = {http://www.auvsi.org/blogs/auvsi-news/2016/01/29/tornado},
  urldate = {2016-02-16}
}

% Applications
@inproceedings{Ding08,
  title={Reachability Calculations for Automated Aerial Refueling},
  author={Jerry Ding and Jonathan Sprinkle and S. Shankar Sastry and Claire J. Tomlin},
  booktitle={IEEE Conference on Decision and Control},
  address={Cancun, Mexico},
  year={2008},
}

@inproceedings{Chen15b,
  title = {Safe Platooning of Unmanned Aerial Vehicles via Reachability},
  author = {Mo Chen and Qie Hu and Casey Mackin and Jaime Fisac and Claire J. Tomlin},
  booktitle = {IEEE Conference on Decision and Control},
  year = {2015}
}

@article{Bayen07,
  title={Aircraft Autolander Safety Analysis Through Optimal Control-Based Reach Set Computation},
  author={Alexandre M. Bayen and Ian M. Mitchell and Meeko Oishi and Claire J. Tomlin},
  journal={Journal of Guidance, Control, and Dynamics},
  volume={30},
  number={1},
  year={2007}
}

@inproceedings{Huang11, 
  author={Haomiao Huang and Ding, J. and Wei Zhang and Tomlin, C.J.}, 
  booktitle={Robotics and Automation (ICRA), 2011 IEEE International Conference on}, 
  title={A differential game approach to planning in adversarial scenarios: A case study on capture-the-flag}, 
  year={2011}, 
  pages={1451-1456}, 
  ISSN={1050-4729}
}

@mastersthesis{Bouffard12,
  author={Patrick Bouffard},
  title={On-board Model Predictive Control of a Quadrotor Helicopter: Design, Implementation, and Experiments},
  school={University of California, Berkeley},
  year={2012},
}

@inproceedings{Kopardekar16,
  author = {Parimal Kopardekar and Joseph Rios and Thomas Prevot and Marcus Johnson and Jaewoo Jung and John E. Robinson III},
  title = {UAS Traffic Management (UTM) Concept of Operations to Safely Enable Low Altitude Flight Operations},
  booktitle = {AIAA Aviation Technology, Integration, and Operations Conference},
  year = {2016},
}

@inproceedings{Mitchell07,
  author = {Ian M. Mitchell},
  title = {Comparing Forward and Backward Reachability As Tools for Safety Analysis},
  booktitle = {Proc. 10th Int. Conf. on Hybrid Systems: Computation and Control},
  year = {2007},
} 

@inproceedings{Akametalu2014,
  author = {Akametalu, Anayo K. and Fisac, Jaime F. and Gillula, Jeremy H. and Kaynama, Shahab and Zeilinger, Melaine N. and Tomlin, Claire J.},
  booktitle = {Proc. IEEE Conf. on Decision and Control},
  doi = {10.1109/CDC.2014.7039601},
  isbn = {978-1-4799-7746-8},
  month = {Dec.},
  title = {{Reachability-based safe learning with Gaussian processes}},
  year = {2014}
}

@article{Bansal2017,
  author = {Bansal, Somil and Chen, Mo and Fisac, Jaime F. and Tomlin, Claire J.},
  journal = {American Control Conference},
  title = {{Safe Sequential Path Planning of Multi-Vehicle Systems Under Presence of Disturbances and Imperfect Information}},
  year = {2017}
}

@article{Mitchell2012,
  author = {Mitchell, Ian M. and Chen, Mo and Oishi, Meeko},
  doi = {10.3182/20120606-3-NL-3011.00104},
  journal = {IFAC Proc. Volumes},
  number = {9},
  pages = {108--114},
  title = {{Ensuring safety of nonlinear sampled data systems through reachability}},
  volume = {45},
  year = {2012}
}

@article{Mitchell13,
  author = {Mitchell, Ian M. and Kaynama, Shahab and Chen, Mo and Oishi, Meeko},
  doi = {10.1016/j.nahs.2013.04.003},
  journal = {Nonlinear Analysis: Hybrid Systems},
  month = {Nov.},
  number = {1},
  pages = {63--82},
  title = {{Safety preserving control synthesis for sampled data systems}},
  volume = {10},
  year = {2013}
}

@inproceedings{Dabadie2014,
  author = {Dabadie, Charles and Kaynama, Shahab and Tomlin, Claire J.},
  booktitle = {Proc. IEEE Int. Conf. on Intelligent Robots and Systems},
  doi = {10.1109/IROS.2014.6943149},
  isbn = {9781479969340},
  issn = {21530866},
  month = {Sept.},
  pages = {4161--4168},
  title = {{A practical reachability-based collision avoidance algorithm for sampled-data systems: Application to ground robots}},
  year = {2014}
}

@misc{Gavin2013,
  author = {{Gavin (Matlab community Contributor)}},
  title = {{Multiple Rapidly-exploring Random Tree (RRT)}},
  url = {https://www.mathworks.com/matlabcentral/fileexchange/21443-multiple-rapidly-exploring-random-tree--rrt-},
  urldate = {2017-01-10},
  year = {2013}
}

@inproceedings{Huang11,
  author = {Huang, Haomiao and Ding, Jerry and Zhang, Wei and Tomlin, Claire J.},
  booktitle = {Proc. IEEE Int. Conf. on Robotics and Automation},
  doi = {10.1109/ICRA.2011.5980264},
  isbn = {978-1-61284-386-5},
  issn = {10504729},
  month = {May},
  pages = {1451--1456},
  title = {{A differential game approach to planning in adversarial scenarios: A case study on capture-the-flag}},
  year = {2011}
}

@article{Chen17,
  author = {Chen, Mo and Zhou, Zhengyuan and Tomlin, Claire J.},
  doi = {10.1109/TAC.2016.2577619},
  issn = {0018-9286},
  journal = {IEEE Trans. on Automatic Control},
  pages = {1--1},
  title = {{Multiplayer Reach-Avoid Games via Pairwise Outcomes}},
  url = {http://ieeexplore.ieee.org/lpdocs/epic03/wrapper.htm?arnumber=7486004 http://ieeexplore.ieee.org/document/7486004/},
  year = {2016}
}

@article{Takei2013,
  author = {Takei, Ryo and Tsai, Richard},
  doi = {10.1007/s10915-012-9671-y},
  journal = {J. Scientific Computing},
  month = {Feb.},
  number = {2-3},
  pages = {622--644},
  title = {{Optimal Trajectories of Curvature Constrained Motion in the Hamilton–Jacobi Formulation}},
  volume = {54},
  year = {2013}
}

@article{Chen2018,
  author = {Chen, Mo and Tomlin, Claire J.},
  journal = {Annual Review of Control, Robotics, and Autonomous Systems},
  title = {{Hamilton-Jacobi Reachability: Some Recent Theoretical Advances and Applications in Unmanned Airspace Management}},
  volume = {1},
  year = {2018}
}

@article{Mitchell07c,
  author = {Mitchell, Ian M.},
  doi = {10.1007/s10915-007-9174-4},
  journal = {J. Scientific Computing},
  month = {Jun.},
  number = {2-3},
  pages = {300--329},
  title = {{The Flexible, Extensible and Efficient Toolbox of Level Set Methods}},
  volume = {35},
  year = {2008}
}
