@book{Atkinson1989a,
author = {Atkinson, Kendall},
edition = {2},
isbn = {978-0-471-62489-9},
publisher = {Wiley},
title = {{An Introduction to Numerical Analysis}},
year = {1989}
}
@inproceedings{DeHaan,
author = {DeHaan, D. and Guay, M.},
booktitle = {Proceedings of the 44th IEEE Conference on Decision and Control},
doi = {10.1109/CDC.2005.1582281},
isbn = {0-7803-9567-0},
pages = {957--962},
publisher = {IEEE},
title = {{A Real-time Framework for Model Predictive Control of Continuous-Time Nonlinear Systems}},
url = {http://ieeexplore.ieee.org/document/1582281/}
}
@inproceedings{Kogel2015,
author = {Kogel, Markus and Findeisen, Rolf},
booktitle = {2015 American Control Conference (ACC)},
doi = {10.1109/ACC.2015.7170852},
isbn = {978-1-4799-8684-2},
month = {jul},
pages = {924--930},
publisher = {IEEE},
title = {{Discrete-time robust model predictive control for continuous-time nonlinear systems}},
url = {http://ieeexplore.ieee.org/document/7170852/},
year = {2015}
}
@inproceedings{Luders2013,
address = {Reston, Virginia},
author = {Luders, Brandon D. and Karaman, Sertac and How, Jonathan P.},
booktitle = {AIAA Guidance, Navigation, and Control (GNC) Conference},
doi = {10.2514/6.2013-5097},
isbn = {978-1-62410-224-0},
month = {aug},
publisher = {American Institute of Aeronautics and Astronautics},
title = {{Robust Sampling-based Motion Planning with Asymptotic Optimality Guarantees}},
url = {http://arc.aiaa.org/doi/10.2514/6.2013-5097},
year = {2013}
}
@article{Magni2004,
author = {Magni, L. and Scattolini, R.},
doi = {10.1109/TAC.2004.829595},
issn = {0018-9286},
journal = {IEEE Transactions on Automatic Control},
month = {jun},
number = {6},
pages = {900--906},
title = {{Model Predictive Control of Continuous-Time Nonlinear Systems With Piecewise Constant Control}},
url = {http://ieeexplore.ieee.org/document/1304912/},
volume = {49},
year = {2004}
}
@article{Yang2010,
author = {Yang, Kwangjin and Gan, Seng Keat and Sukkarieh, Salah},
doi = {10.1007/s10846-009-9359-1},
issn = {0921-0296},
journal = {Journal of Intelligent and Robotic Systems},
month = {jan},
number = {1-4},
pages = {101--122},
title = {{An Efficient Path Planning and Control Algorithm for RUAV's in Unknown and Cluttered Environments}},
url = {http://link.springer.com/10.1007/s10846-009-9359-1},
volume = {57},
year = {2010}
}
