% Theory
@ARTICLE{Mitchell05,
title={A time-dependent {Hamilton-Jacobi} formulation of reachable sets for continuous dynamic games},
author={Mitchell, I.M. and Bayen, A.M. and Tomlin, C.J.},
journal={IEEE Transactions on Automatic Control},
year={July 2005},
volume={50},
number={7},
pages={947-957},
doi={10.1109/TAC.2005.851439}
}

@article{Varaiya67,
author = {Varaiya, Pravin},
journal = {SIAM Journal on Control},
number = {1},
pages = {153--162},
publisher = {SIAM},
title = {{On the existence of solutions to a differential game}},
volume = {5},
year = {1967}
}

@article{Evans84,
title = {Differential games and representation formulas for solutions of {Hamilton-Jacobi-Isaacs} equations},
author = {Evans, L. C. and Souganidis, P. E.},
journal = {Indiana Univ. Math. J.},
volume = {33},
number = {5},
pages = {773-797},
year = {1984}
}

@inproceedings{Chen15, 
author={Mo Chen and Claire J. Tomlin}, 
booktitle={54th IEEE Conference on Decision and Control}, 
title={Exact and Efficient Hamilton-Jacobi Reachability for Decoupled Systems}, 
year={2015}, 
month={December}, 
}

@article{Crandall83,
title = {Viscosity Solutions of {Hamilton-Jacobi} Equations},
author = {Crandall, Michael G. and Lions, Pierre-Louis},
journal = {Transactions of the American Mathematical Society},
volume = {277},
number = {1},
pages = {1-42},
year = {1983},
publisher = {American Mathematical Society}
}

@article{Barron90,
author = {Barron, EN},
journal = {Nonlinear analysis: Theory, methods \& applications},
pages = {971--989},
title = {{Differential Games with Maximum Cost}},
year = {1990}
}

@article{Mitchell03,
  year={2003},
  issn={0885-7474},
  journal={Journal of Scientific Computing},
  volume={19},
  number={1-3},
  doi={10.1023/A:1025364227563},
  title={Overapproximating Reachable Sets by Hamilton-Jacobi Projections},
  author={Ian M. Mitchell and Claire J. Tomlin},
  pages={323-346}
}

@article{Lasserre08,
  author = {Lasserre, Jean B. and Henrion, Didier and Prieur, Christophe and Tr{\'e}lat, Emmanuel},
  title = {Nonlinear Optimal Control via Occupation Measures and LMI-Relaxations},
  journal = {SIAM Journal Control and Optimization},
  volume = {47},
  number = {4},
  month = {June},
  year = {2008},
  issn = {0363-0129},
  pages = {1643--1666},
  doi = {10.1137/070685051},
  publisher = {Society for Industrial and Applied Mathematics},
} 

@article{McGrew08,
  author = {J. S. McGrew and J. P. How and L. Bush and B. Williams and N. Roy}, 
  journal = {AIAA Guidance, Navigation, and Control Conference},
  title = {Air Combat Strategy using Approximate Dynamic Programming},
  year = {2008},
  month = {Aug}
}

@article{Bokanowski10,
author = {Olivier Bokanowski and Nicolas Forcadel and Hasnaa Zidani},
journal = {SIAM Journal on Control and Optimization},
pages = {1--24},
title = {{Reachability and minimal times for state constrained nonlinear problems without any controllability assumption}},
year = {2010}
}

@article{Tomlin00,
  author={C. J. Tomlin and J. Lygeros and S. Shankar Sastry},
  journal={Proceedings of the IEEE}, 
  title={A game theoretic approach to controller design for hybrid systems},
  year={2000},
  month={July},
  volume={88},
  number={7},
  pages={949 -970}
}

@inproceedings{Mitchell11,
  author = {Ian M. Mitchell},
  title = {Scalable Calculation of Reach Sets and Tubes for Nonlinear Systems with Terminal Integrators: A Mixed Implicit Explicit Formulation},
  booktitle = {Proceedings of the 14th International Conference on Hybrid Systems: Computation and Control},
  year = {2011},
  isbn = {978-1-4503-0629-4},
  pages = {103--112},
} 


@inproceedings{Fisac15,
title = {Reach-Avoid Problems with Time-Varying Dynamics, Targets and Constraints},
author = {Jaime F. Fisac and Mo Chen and Claire J. Tomlin and S. Shankar Shankar},
booktitle = {18th International Conference on Hybrid Systems: Computation and Controls},
year = {2015}
}

% Motivation
@techreport{FAA13,
  author = {{Jointed Planning and Development Office (JPDO)}},
  title = {Unmanned Aircraft Systems {(UAS)} Comprehensive Plan -- A Report on the Nation's {UAS} Path Forward},
  institution = {Federal Aviation Administration},
  year = {2013}
}

@online{NASA16,
  author = {{National Aeronautics and Space Administration}},
  title = {Challenge is On to Design Sky for All},
  year = 2016,
  url = {http://www.nasa.gov/feature/challenge-is-on-to-design-sky-for-all},
  urldate = {2016-02-12}
}

@online{Amazon16,
  author = {{Amazon.com, Inc.}},
  title = {Amazon Prime Air},
  year = 2016,
  url = {http://www.amazon.com/b?node=8037720011},
  urldate = {2016-02-16}
}

@online{BBC16,
  author = {{BBC Technology}},
  title = {Google plans drone delivery service for 2017},
  year = 2016,
  url = {http://www.bbc.com/news/technology-34704868},
  urldate = {2016-02-16}
}

@online{AUVSI16,
  author = {{AUVSI News}},
  title = {UAS Aid in South Carolina Tornado Investigation},
  year = 2016,
  url = {http://www.auvsi.org/blogs/auvsi-news/2016/01/29/tornado},
  urldate = {2016-02-16}
}

% Applications
@inproceedings{Ding08,
  title={Reachability Calculations for Automated Aerial Refueling},
  author={Jerry Ding and Jonathan Sprinkle and S. Shankar Sastry and Claire J. Tomlin},
  booktitle={IEEE Conference on Decision and Control},
  address={Cancun, Mexico},
  year={2008},
}

@inproceedings{Chen15b,
  title = {Safe Platooning of Unmanned Aerial Vehicles via Reachability},
  author = {Mo Chen and Qie Hu and Casey Mackin and Jaime Fisac and Claire J. Tomlin},
  booktitle = {IEEE Conference on Decision and Control},
  year = {2015}
}

@article{Bayen07,
  title={Aircraft Autolander Safety Analysis Through Optimal Control-Based Reach Set Computation},
  author={Alexandre M. Bayen and Ian M. Mitchell and Meeko Oishi and Claire J. Tomlin},
  journal={Journal of Guidance, Control, and Dynamics},
  volume={30},
  number={1},
  year={2007}
}

@inproceedings{Huang11, 
  author={Haomiao Huang and Ding, J. and Wei Zhang and Tomlin, C.J.}, 
  booktitle={Robotics and Automation (ICRA), 2011 IEEE International Conference on}, 
  title={A differential game approach to planning in adversarial scenarios: A case study on capture-the-flag}, 
  year={2011}, 
  pages={1451-1456}, 
  ISSN={1050-4729}
}

@mastersthesis{Bouffard12,
  author={Patrick Bouffard},
  title={On-board Model Predictive Control of a Quadrotor Helicopter: Design, Implementation, and Experiments},
  school={University of California, Berkeley},
  year={2012},
}

@inproceedings{Kopardekar16,
  author = {Parimal Kopardekar and Joseph Rios and Thomas Prevot and Marcus Johnson and Jaewoo Jung and John E. Robinson III},
  title = {UAS Traffic Management (UTM) Concept of Operations to Safely Enable Low Altitude Flight Operations},
  booktitle = {AIAA Aviation Technology, Integration, and Operations Conference},
  year = {2016},
}

@inproceedings{Mitchell07,
  author = {Ian M. Mitchell},
  title = {Comparing Forward and Backward Reachability As Tools for Safety Analysis},
  booktitle = {Proceedings of the 10th International Conference on Hybrid Systems: Computation and Control},
  year = {2007},
} 