@phdthesis{ChenThesis,
	Author = {Chen, Mo},
	Editor = {Tomlin, Claire},
	Title = {High Dimensional Reachability Analysis: Addressing the Curse of Dimensionality in Formal Verification},
	School = {EECS Department, University of California, Berkeley},
}

@article{Hoy2015,
	title={Algorithms for collision-free navigation of mobile robots in complex cluttered environments: a survey},
	author={Hoy, Michael and Matveev, Alexey S and Savkin, Andrey V},
	journal={Robotica},
	volume={33},
	number={03},
	pages={463--497},
	year={2015},
}


Sampling Stuff
@inproceedings{Kuffner2000,
	title={RRT-connect: An efficient approach to single-query path planning},
	author={Kuffner, James J and LaValle, Steven M},
	booktitle={Proc. IEEE Int. Conf. Robotics and Automation},
	pages={995--1001},
	year={2000},
}


@article{Kavraki1996,
	title={Probabilistic roadmaps for path planning in high-dimensional configuration spaces},
	author={Kavraki, Lydia E and Svestka, Petr and Latombe, J-C and Overmars, Mark H},
	journal={IEEE Trans. Robot. Autom.},
	volume={12},
	number={4},
	pages={566--580},
	year={1996},
}

@article{Janson2015,
	title={Fast marching tree: A fast marching sampling-based method for optimal motion planning in many dimensions},
	author={Janson, Lucas and Schmerling, Edward and Clark, Ashley and Pavone, Marco},
	journal={Int. J. Robotics Research},
	volume={34},
	number={7},
	pages={883--921},
	year={2015},
}

@incollection{Richter2016,
	title={Polynomial trajectory planning for aggressive quadrotor flight in dense indoor environments},
	author={Richter, Charles and Bry, Adam and Roy, Nicholas},
	booktitle={Robotics Research},
	pages={649--666},
	year={2016},
}

@inproceedings{Karaman2011,
	title={Anytime motion planning using the RRT},
	author={Karaman, Sertac and Walter, Matthew R and Perez, Alejandro and Frazzoli, Emilio and Teller, Seth},
	booktitle={Proc. IEEE Int. Conf. Robotics and Automation},
	year={2011},
}

@article{Kobilarov2012,
	title={Cross-entropy motion planning},
	author={Kobilarov, Marin},
	journal={Int. J. Robotics Research},
	volume={31},
	number={7},
	pages={855--871},
	year={2012},
}

Kinematic Motion Planning
@inproceedings{Schulman2013,
	title={Finding Locally Optimal, Collision-Free Trajectories with Sequential Convex Optimization.},
	author={Schulman, John and Ho, Jonathan and Lee, Alex X and Awwal, Ibrahim and Bradlow, Henry and Abbeel, Pieter},
	booktitle={Proc. Robotics: Science and Systems},
	year={2013},
}

@inproceedings{Ratliff2009,
	title={CHOMP: Gradient optimization techniques for efficient motion planning},
	author={Ratliff, Nathan and Zucker, Matt and Bagnell, J Andrew and Srinivasa, Siddhartha},
	booktitle={Proc. IEEE Int. Conf. Robotics and Automation},
	year={2009},
}

MPC
@article{Qin2003,
	title={A survey of industrial model predictive control technology},
	author={Qin, S Joe and Badgwell, Thomas A},
	journal={Control Engineering Practice},
	volume={11},
	number={7},
	pages={733--764},
	year={2003},
}

@article{Alexis2016,
	title={Robust model predictive flight control of unmanned rotorcrafts},
	author={Alexis, Kostas and Papachristos, Christos and Siegwart, Roland and Tzes, Anthony},
	journal={J. Intelligent \& Robotic Systems},
	volume={81},
	number={3-4},
	pages={443--469},
	year={2016},
}

@inproceedings{Bellingham2002,
	title={Receding horizon control of autonomous aerial vehicles},
	author={Bellingham, John and Richards, Arthur and How, Jonathan P},
	booktitle={Proc. IEEE Amer. Control Conf.},
	year={2002},
}

@inproceedings{Vitus2008,
	title={Tunnel-milp: Path planning with sequential convex polytopes},
	author={Vitus, Michael and Pradeep, Vijay and Hoffmann, Gabriel and Waslander, Steven and Tomlin, Claire},
	booktitle={Proc. AIAA Guidance, Navigation and Control Conf. and Exhibit},
	pages={7132},
	year={2008}
}

@article{Kuwata2007,
title={Distributed robust receding horizon control for multivehicle guidance},
author={Kuwata, Yoshiaki and Richards, Arthur and Schouwenaars, Tom and How, Jonathan P},
journal={IEEE Trans. Control Syst. Technol.},
volume={15},
number={4},
pages={627--641},
year={2007},
}

@article{Richards2006,
	title={Robust variable horizon model predictive control for vehicle maneuvering},
	author={Richards, Arthur and How, Jonathan P},
	journal={Int. J. Robust and Nonlinear Control},
	volume={16},
	number={7},
	pages={333--351},
	year={2006},
}

@article{DiCairano2016,
	title={Reference tracking with guaranteed error bound for constrained linear systems},
	author={Di Cairano, Stefano and Borrelli, Francesco},
	journal={IEEE Trans. Autom. Control},
	volume={61},
	number={8},
	pages={2245--2250},
	year={2016},
}

@article{Diehl2002,
	title={Real-time optimization and nonlinear model predictive control of processes governed by differential-algebraic equations},
	author={Diehl, Moritz and Bock, H Georg and Schl{\"o}der, Johannes P and Findeisen, Rolf and Nagy, Zoltan and Allg{\"o}wer, Frank},
	journal={J. Process Control},
	volume={12},
	number={4},
	pages={577--585},
	year={2002},
}


@inproceedings{Schildbach2016,
	title={A dynamic programming approach for nonholonomic vehicle maneuvering in tight environments},
	author={Schildbach, Georg and Borrelli, Francesco},
	booktitle={Proc. IEEE Intelligent Vehicles Symp.},
	year={2016},
}

@incollection{Diehl2009,
	title={Efficient numerical methods for nonlinear MPC and moving horizon estimation},
	author={Diehl, Moritz and Ferreau, Hans Joachim and Haverbeke, Niels},
	booktitle={Nonlinear Model Predictive Control},
	pages={391--417},
	year={2009},
}

@incollection{Grune2011,
	title={Nonlinear model predictive control},
	author={Gr{\"u}ne, Lars and Pannek, J{\"u}rgen},
	booktitle={Nonlinear Model Predictive Control},
	pages={43--66},
	year={2011},
}

@article{Quirynen2015,
	title={Autogenerating microsecond solvers for nonlinear MPC: a tutorial using ACADO integrators},
	author={Quirynen, Rien and Vukov, Milan and Zanon, Mario and Diehl, Moritz},
	journal={Optimal Control Applications and Methods},
	volume={36},
	number={5},
	pages={685--704},
	year={2015},
}
 
@inproceedings{Gupta2015,
	title={Constrained spacecraft attitude control on SO (3) using fast nonlinear model predictive control},
	author={Gupta, Rohit and Kalabi{\'c}, Uro{\v{s}} V and Di Cairano, Stefano and Bloch, Anthony M and Kolmanovsky, Ilya V},
	booktitle={Proc. IEEE Amer. Control Conf.},
	year={2015},
}

@inproceedings{Neunert2016,
	title={Fast nonlinear model predictive control for unified trajectory optimization and tracking},
	author={Neunert, Michael and de Crousaz, C{\'e}dric and Furrer, Fadri and Kamel, Mina and Farshidian, Farbod and Siegwart, Roland and Buchli, Jonas},
	booktitle={Proc. IEEE Int. Conf. Robotics and Automation},
	year={2016},
}

@book{Lofberg2003,
	title={Minimax approaches to robust model predictive control},
	author={L{\"o}fberg, Johan},
	volume={812},
	year={2003},
	publisher={Link{\"o}ping University Electronic Press}
}

@article{Richter2012,
	title={Computational complexity certification for real-time MPC with input constraints based on the fast gradient method},
	author={Richter, Stefan and Jones, Colin Neil and Morari, Manfred},
	journal={IEEE Trans. Autom. Control},
	volume={57},
	number={6},
	pages={1391--1403},
	year={2012},
}

@article{Zeilinger2011,
	title={Real-time suboptimal model predictive control using a combination of explicit MPC and online optimization},
	author={Zeilinger, Melanie Nicole and Jones, Colin Neil and Morari, Manfred},
	journal={IEEE Trans. Autom. Control},
	volume={56},
	number={7},
	pages={1524--1534},
	year={2011},
}

@article{Kumar2014,
	title={Robust nonlinear MPC based on Volterra series and polynomial chaos expansions},
	author={Kumar, Divya and Budman, Hector},
	journal={J. Process Control},
	volume={24},
	number={1},
	pages={304--317},
	year={2014},
}

@article{Yan2014,
	title={Robust model predictive control of nonlinear systems with unmodeled dynamics and bounded uncertainties based on neural networks},
	author={Yan, Zheng and Wang, Jun},
	journal={IEEE Trans. Neural Netw. Learn. Syst.},
	volume={25},
	number={3},
	pages={457--469},
	year={2014},
}

@article{Mayne2011,
	title={Tube-based robust nonlinear model predictive control},
	author={Mayne, David Q and Kerrigan, Erric C and Van Wyk, EJ and Falugi, P},
	journal={Int. J. Robust and Nonlinear Control},
	volume={21},
	number={11},
	pages={1341--1353},
	year={2011},
}

@article{Cannon2011,
	title={Robust tubes in nonlinear model predictive control},
	author={Cannon, Mark and Buerger, Johannes and Kouvaritakis, Basil and Rakovic, Sa{\v{s}}a},
	journal={IEEE Trans. Autom. Control},
	volume={56},
	number={8},
	pages={1942--1947},
	year={2011},
}

@article{Gao2014,
	title={A tube-based robust nonlinear predictive control approach to semiautonomous ground vehicles},
	author={Gao, Yiqi and Gray, Andrew and Tseng, H Eric and Borrelli, Francesco},
	journal={Vehicle System Dynamics},
	volume={52},
	number={6},
	pages={802--823},
	year={2014},
}

@inproceedings{Torrisi2016,
	title={A variant to sequential quadratic programming for nonlinear model predictive control},
	author={Torrisi, Giampaolo and Grammatico, Sergio and Smith, Roy S and Morari, Manfred},
	booktitle={Proc. IEEE Conf. Decision and Control},
	year={2016},
}

@book{Findeisen2007,
	title={Assessment and future directions of nonlinear model predictive control},
	author={Findeisen, Rolf and Allg{\"o}wer, Frank and Biegler, Lorenz T},
	volume={358},
	year={2007},
	publisher={Springer}
}

% motion primitives

@inproceedings{Gillula2010,
	title={Design of guaranteed safe maneuvers using reachable sets: Autonomous quadrotor aerobatics in theory and practice},
	author={Gillula, Jeremy H and Huang, Haomiao and Vitus, Michael P and Tomlin, Claire J},
	booktitle={Proc. IEEE Int. Conf. Robotics and Automation},
	year={2010},
}


@article{Majumdar2017,
  author = {Majumdar, Anirudha and Tedrake, Russ},
  doi = {10.1177/0278364917712421},
  journal = {Int. J. Robotics Research},
  month = {Jun.},
  pages = {947-982},
  title = {{Funnel libraries for real-time robust feedback motion planning}},
  year = {2017}
}

@inproceedings{Dey2016,
	title={Vision and learning for deliberative monocular cluttered flight},
	author={Dey, Debadeepta and Shankar, Kumar Shaurya and Zeng, Sam and Mehta, Rupesh and Agcayazi, M Talha and Eriksen, Christopher and Daftry, Shreyansh and Hebert, Martial and Bagnell, J Andrew},
	booktitle={Proc. Field and Service Robotics},
	year={2016},
}

@phdthesis{Barry2016,
	title={High-speed autonomous obstacle avoidance with pushbroom stereo},
	author={Barry, Andrew James},
	year={2016},
	school={Massachusetts Institute of Technology}
}

%generate a bunch of trajectories
@inproceedings{Kalakrishnan2011,
	title={STOMP: Stochastic trajectory optimization for motion planning},
	author={Kalakrishnan, Mrinal and Chitta, Sachin and Theodorou, Evangelos and Pastor, Peter and Schaal, Stefan},
	booktitle={Proc. IEEE Int. Conf. Robotics and Automation},
	year={2011},
}

@inproceedings{Schwesinger2013,
	title={A sampling-based partial motion planning framework for system-compliant navigation along a reference path},
	author={Schwesinger, Ulrich and Rufli, Martin and Furgale, Paul and Siegwart, Roland},
	booktitle={Proc. IEEE Intelligent Vehicles Symp. (IV)},
	year={2013},
}

@article{Krusi2015,
	title={Lighting-invariant Adaptive Route Following Using Iterative Closest Point Matching},
	author={Kr{\"u}si, Philipp and B{\"u}cheler, Bastian and Pomerleau, Fran{\c{c}}ois and Schwesinger, Ulrich and Siegwart, Roland and Furgale, Paul},
	journal={J. Field Robotics},
	volume={32},
	number={4},
	pages={534--564},
	year={2015},
}

%CBF
@article{Xu2015,
	title={Robustness of Control Barrier Functions for Safety Critical Control},
	author={Xu, Xiangru and Tabuada, Paulo and Grizzle, Jessy W and Ames, Aaron D},
	journal={IFAC PapersOnLine},
	volume={48},
	number={27},
	pages={54--61},
	year={2015},
}

@inproceedings{Ames2014,
	title={Control barrier function based quadratic programs with application to adaptive cruise control},
	author={Ames, Aaron D and Grizzle, Jessy W and Tabuada, Paulo},
	booktitle={Proc. IEEE Conf. Decision and Control},
	year={2014},
}

%contraction theory
@inproceedings{Singh2017,
	title={Robust online motion planning via contraction theory and convex optimization},
	author={Singh, Sumeet and Majumdar, Anirudha and Slotine, Jean-Jacques and Pavone, Marco},
	booktitle={Proc. IEEE Int. Conf. Robotics and Automation},
	year={2017}
}
% Theory

}
@book{Coddington84,
	author = {Coddington, E. A. and Levinson, N},
	title = {Theory of Ordinary Differential Equations},
	publisher = {Krieger Pub. Co.}, 
	year = {1984},
}

% decomp
@inproceedings{Chen2016DecouplingApprox,
	title={Fast reachable set approximations via state decoupling disturbances},
	author={Chen, Mo and Herbert, Sylvia and Tomlin, Claire J},
	booktitle={Proc. IEEE Conf. Decision and Control},
	year={2016},
}

@article{Chen2016DecouplingJournal,
	title={Decomposition of Reachable Sets and Tubes for a Class of Nonlinear Systems},
	author={Chen, Mo and Herbert, Sylvia L and Vashishtha, Mahesh S and Bansal, Somil and Tomlin, Claire J},
	journal={IEEE Trans. Autom. Control (to appear)},
	year={2016}
}

@inproceedings{Chen2016DecouplingExact,
	title={Exact and efficient Hamilton-Jacobi-based guaranteed safety analysis via system decomposition},
	author={Chen, Mo and Herbert, Sylvia and Tomlin, Claire J},
 booktitle={Proc. IEEE Int. Conf. Robotics and Automation},
	year={2016}
}

@ARTICLE{Mitchell05,
title={A time-dependent {Hamilton-Jacobi} formulation of reachable sets for continuous dynamic games},
author={Mitchell, I.M. and Bayen, A.M. and Tomlin, C.J.},
journal={IEEE Trans. Autom. Control},
year={2005},
volume={50},
number={7},
pages={947-957},
doi={10.1109/TAC.2005.851439}
}

@article{Varaiya67,
author = {Varaiya, Pravin},
journal = {SIAM J. Control},
number = {1},
pages = {153--162},
title = {{On the existence of solutions to a differential game}},
volume = {5},
year = {1967}
}

@article{Evans84,
title = {Differential games and representation formulas for solutions of {Hamilton-Jacobi-Isaacs} equations},
author = {Evans, L. C. and Souganidis, P. E.},
journal = {Indiana Univ. Math. J.},
volume = {33},
number = {5},
pages = {773-797},
year = {1984}
}

@inproceedings{Chen15, 
author={Mo Chen and Claire J. Tomlin}, 
booktitle={Proc. IEEE Conf. Decision and Control}, 
title={Exact and Efficient Hamilton-Jacobi Reachability for Decoupled Systems}, 
year={2015}, 
}

@article{Crandall83,
title = {Viscosity Solutions of {Hamilton-Jacobi} Equations},
author = {Crandall, Michael G. and Lions, Pierre-Louis},
journal = {Trans. Amer. Math. Soc.},
volume = {277},
number = {1},
pages = {1-42},
year = {1983},
}

@article{Barron90,
author = {Barron, EN},
journal = {Nonlinear analysis: Theory, methods \& applications},
pages = {971--989},
title = {{Differential Games with Maximum Cost}},
year = {1990}
}

@article{Mitchell03,
  year={2003},
  journal={J. Scientific Computing},
  volume={19},
  number={1-3},
  doi={10.1023/A:1025364227563},
  title={Overapproximating Reachable Sets by Hamilton-Jacobi Projections},
  author={Ian M. Mitchell and Claire J. Tomlin},
  pages={323-346}
}

@article{Lasserre08,
  author = {Lasserre, Jean B. and Henrion, Didier and Prieur, Christophe and Tr{\'e}lat, Emmanuel},
  title = {Nonlinear Optimal Control via Occupation Measures and LMI-Relaxations},
  journal = {SIAM J. Control and Optimization},
  volume = {47},
  number = {4},
  month = {June},
  year = {2008},
  issn = {0363-0129},
  pages = {1643--1666},
  doi = {10.1137/070685051},
} 

@article{McGrew08,
  author = {J. S. McGrew and J. P. How and L. Bush and B. Williams and N. Roy}, 
  journal = {Proc. AIAA Guidance, Navigation, and Control Conf.},
  title = {Air Combat Strategy using Approximate Dynamic Programming},
  year = {2008},
  month = {Aug.}
}

@article{Bokanowski10,
author = {Olivier Bokanowski and Nicolas Forcadel and Hasnaa Zidani},
journal = {SIAM J. Control and Optimization},
pages = {1--24},
title = {{Reachability and minimal times for state constrained nonlinear problems without any controllability assumption}},
year = {2010}
}

@article{Tomlin00,
  author={C. J. Tomlin and J. Lygeros and S. Shankar Sastry},
  journal={Proc. IEEE}, 
  title={A game theoretic approach to controller design for hybrid systems},
  year={2000},
  month={July},
  volume={88},
  number={7},
  pages={949 -970}
}

@inproceedings{Mitchell11,
  author = {Ian M. Mitchell},
  title = {Scalable Calculation of Reach Sets and Tubes for Nonlinear Systems with Terminal Integrators: A Mixed Implicit Explicit Formulation},
  booktitle = {Proc. ACM Int. Conf. Hybrid Systems: Computation and Control},
  year = {2011},
} 


@inproceedings{Fisac15,
title = {Reach-Avoid Problems with Time-Varying Dynamics, Targets and Constraints},
author = {Jaime F. Fisac and Mo Chen and Claire J. Tomlin and S. Shankar Shankar},
  booktitle = {Proc. ACM Int. Conf. Hybrid Systems: Computation and Control},
year = {2015}
}

% Motivation
@techreport{FAA13,
  author = {{Jointed Planning and Development Office (JPDO)}},
  title = {Unmanned Aircraft Systems {(UAS)} Comprehensive Plan -- A Report on the Nation's {UAS} Path Forward},
  institution = {Federal Aviation Administration},
  year = {2013}
}

@online{Amazon16,
  author = {{Amazon.com, Inc.}},
  title = {Amazon Prime Air},
  year = 2016,
  url = {http://www.amazon.com/b?node=8037720011},
  urldate = {2016-02-16}
}

@online{BBC16,
  author = {{BBC Technology}},
  title = {Google plans drone delivery service for 2017},
  year = 2016,
  url = {http://www.bbc.com/news/technology-34704868},
  urldate = {2016-02-16}
}

@online{AUVSI16,
  author = {{AUVSI News}},
  title = {UAS Aid in South Carolina Tornado Investigation},
  year = 2016,
  url = {http://www.auvsi.org/blogs/auvsi-news/2016/01/29/tornado},
  urldate = {2016-02-16}
}

% Applications
@inproceedings{Ding08,
  title={Reachability Calculations for Automated Aerial Refueling},
  author={Jerry Ding and Jonathan Sprinkle and S. Shankar Sastry and Claire J. Tomlin},
  booktitle={Proc. IEEE Conf. Decision and Control},
  year={2008},
}

@inproceedings{Chen15b,
  title = {Safe Platooning of Unmanned Aerial Vehicles via Reachability},
  author = {Mo Chen and Qie Hu and Casey Mackin and Jaime Fisac and Claire J. Tomlin},
  booktitle={Proc. IEEE Conf. Decision and Control},
  year = {2015}
}

@article{Bayen07,
  title={Aircraft Autolander Safety Analysis Through Optimal Control-Based Reach Set Computation},
  author={Alexandre M. Bayen and Ian M. Mitchell and Meeko Oishi and Claire J. Tomlin},
  journal={AIAA J. Guidance, Control, and Dynamics},
  volume={30},
  number={1},
  year={2007}
}

@mastersthesis{Bouffard12,
  author={Patrick Bouffard},
  title={On-board Model Predictive Control of a Quadrotor Helicopter: Design, Implementation, and Experiments},
  school={University of California, Berkeley},
  year={2012},
}

@inproceedings{Kopardekar16,
  author = {Parimal Kopardekar and Joseph Rios and Thomas Prevot and Marcus Johnson and Jaewoo Jung and John E. Robinson III},
  title = {UAS Traffic Management (UTM) Concept of Operations to Safely Enable Low Altitude Flight Operations},
  booktitle = {Proc. AIAA Aviation Technology, Integration, and Operations Conf.},
  year = {2016},
}

@inproceedings{Mitchell07,
  author = {Ian M. Mitchell},
  title = {Comparing Forward and Backward Reachability As Tools for Safety Analysis},
  booktitle = {Proc. ACM Int. Conf. on Hybrid Systems: Computation and Control},
  year = {2007},
} 

@inproceedings{Akametalu2014,
  author = {Akametalu, Anayo K. and Fisac, Jaime F. and Gillula, Jeremy H. and Kaynama, Shahab and Zeilinger, Melaine N. and Tomlin, Claire J.},
  booktitle = {Proc. IEEE Conf. Decision and Control},
  title = {{Reachability-based safe learning with Gaussian processes}},
  year = {2014}
}

@article{Bansal2017,
  author = {Bansal, Somil and Chen, Mo and Fisac, Jaime F. and Tomlin, Claire J.},
  journal = {Proc. Amer. Control Conf.},
  title = {{Safe Sequential Path Planning of Multi-Vehicle Systems Under Presence of Disturbances and Imperfect Information}},
  year = {2017}
}

@article{Mitchell2012,
  author = {Mitchell, Ian M. and Chen, Mo and Oishi, Meeko},
  doi = {10.3182/20120606-3-NL-3011.00104},
  journal = {IFAC Proc. Volumes},
  number = {9},
  pages = {108--114},
  title = {{Ensuring safety of nonlinear sampled data systems through reachability}},
  volume = {45},
  year = {2012}
}

@article{Mitchell13,
  author = {Mitchell, Ian M. and Kaynama, Shahab and Chen, Mo and Oishi, Meeko},
  doi = {10.1016/j.nahs.2013.04.003},
  journal = {Nonlinear Analysis: Hybrid Systems},
  month = {Nov.},
  number = {1},
  pages = {63--82},
  title = {{Safety preserving control synthesis for sampled data systems}},
  volume = {10},
  year = {2013}
}

@inproceedings{Dabadie2014,
  author = {Dabadie, Charles and Kaynama, Shahab and Tomlin, Claire J.},
  booktitle = {Proc. IEEE Int. Conf. Intelligent Robots and Systems},
  title = {{A practical reachability-based collision avoidance algorithm for sampled-data systems: Application to ground robots}},
  year = {2014}
}

@misc{Gavin2013,
  author = {{Gavin (Matlab community Contributor)}},
  title = {{Multiple Rapidly-exploring Random Tree (RRT)}},
  url = {https://www.mathworks.com/matlabcentral/fileexchange/21443-multiple-rapidly-exploring-random-tree--rrt-},
  urldate = {2017-01-10},
  year = {2013}
}

@inproceedings{Huang11, 
  author={Haomiao Huang and Ding, J. and Wei Zhang and Tomlin, C.J.}, 
  booktitle={Proc. IEEE Int. Conf. Robotics and Automation},
  title={A differential game approach to planning in adversarial scenarios: A case study on capture-the-flag}, 
  year={2011}, 
  pages={1451-1456}, 
  ISSN={1050-4729}
}

@article{Chen17,
  author = {Chen, Mo and Zhou, Zhengyuan and Tomlin, Claire J.},
  doi = {10.1109/TAC.2016.2577619},
  journal = {IEEE Trans. Autom. Control},
  month = {Mar.},
  number = {3},
  pages = {1451--1457},
  title = {{Multiplayer Reach-Avoid Games via Pairwise Outcomes}},
  volume = {62},
  year = {2017}
}
